@inproceedings{lambdaps,
  author    = {John C. Mitchell and
               Rahul Sharma and
               Deian Stefan and
               Joe Zimmerman},
  title     = {Information-Flow Control for Programming on Encrypted Data},
  booktitle = {25th {IEEE} Computer Security Foundations Symposium, {CSF} 2012, Cambridge,
               MA, USA, June 25-27, 2012},
  pages     = {45--60},
  year      = {2012},
}

@inproceedings{wysteria,
  author    = {Aseem Rastogi and
               Matthew A. Hammer and
               Michael Hicks},
  title     = {Wysteria: {A} Programming Language for Generic, Mixed-Mode Multiparty
               Computations},
  booktitle = {2014 {IEEE} Symposium on Security and Privacy, {SP} 2014, Berkeley,
               CA, USA, May 18-21, 2014},
  pages     = {655--670},
  year      = {2014},
}

@inproceedings{barni,
  author    = {Mauro Barni and
               Pierluigi Failla and
               Vladimir Kolesnikov and
               Riccardo Lazzeretti and
               Ahmad{-}Reza Sadeghi and
               Thomas Schneider},
  title     = {Secure Evaluation of Private Linear Branching Programs with Medical
               Applications},
  booktitle = {Computer Security - {ESORICS} 2009, 14th European Symposium on Research
               in Computer Security, Saint-Malo, France, September 21-23, 2009. Proceedings},
  pages     = {424--439},
  year      = {2009},
}

@article{minionn,
  author    = {Jian Liu and
               Mika Juuti and
               Yao Lu and
               N. Asokan},
  title     = {Oblivious Neural Network Predictions via MiniONN transformations},
  journal   = {{IACR} Cryptology ePrint Archive},
  volume    = {2017},
  pages     = {452},
  year      = {2017},
}

@inproceedings{shafindss,
  author    = {Raphael Bost and
               Raluca Ada Popa and
               Stephen Tu and
               Shafi Goldwasser},
  title     = {Machine Learning Classification over Encrypted Data},
  booktitle = {22nd Annual Network and Distributed System Security Symposium, {NDSS}
               2015, San Diego, California, USA, February 8-11, 2015},
  year      = {2015},
}

@inproceedings{secureml,
  author    = {Payman Mohassel and
               Yupeng Zhang},
  title     = {SecureML: {A} System for Scalable Privacy-Preserving Machine Learning},
  booktitle = {2017 {IEEE} Symposium on Security and Privacy, {SP} 2017, San Jose,
               CA, USA, May 22-26, 2017},
  pages     = {19--38},
  year      = {2017},
}

@inproceedings{cryptonets,
  author    = {Ran Gilad{-}Bachrach and
               Nathan Dowlin and
               Kim Laine and
               Kristin E. Lauter and
               Michael Naehrig and
               John Wernsing},
  title     = {CryptoNets: Applying Neural Networks to Encrypted Data with High Throughput
               and Accuracy},
  booktitle = {Proceedings of the 33nd International Conference on Machine Learning,
               {ICML} 2016, New York City, NY, USA, June 19-24, 2016},
  pages     = {201--210},
  year      = {2016},
}

@article{tensorflow,
  author    = {Mart{\'{\i}}n Abadi and
               Ashish Agarwal and
               Paul Barham and
               Eugene Brevdo and
               Zhifeng Chen and
               Craig Citro and
               Gregory S. Corrado and
               Andy Davis and
               Jeffrey Dean and
               Matthieu Devin and
               Sanjay Ghemawat and
               Ian J. Goodfellow and
               Andrew Harp and
               Geoffrey Irving and
               Michael Isard and
               Yangqing Jia and
               Rafal J{\'{o}}zefowicz and
               Lukasz Kaiser and
               Manjunath Kudlur and
               Josh Levenberg and
               Dan Man{\'{e}} and
               Rajat Monga and
               Sherry Moore and
               Derek Gordon Murray and
               Chris Olah and
               Mike Schuster and
               Jonathon Shlens and
               Benoit Steiner and
               Ilya Sutskever and
               Kunal Talwar and
               Paul A. Tucker and
               Vincent Vanhoucke and
               Vijay Vasudevan and
               Fernanda B. Vi{\'{e}}gas and
               Oriol Vinyals and
               Pete Warden and
               Martin Wattenberg and
               Martin Wicke and
               Yuan Yu and
               Xiaoqiang Zheng},
  title     = {TensorFlow: Large-Scale Machine Learning on Heterogeneous Distributed
               Systems},
  journal   = {CoRR},
  volume    = {abs/1603.04467},
  year      = {2016},
 }

 @inproceedings{bonsai,
  author    = {Ashish Kumar and
               Saurabh Goyal and
               Manik Varma},
  title     = {Resource-efficient Machine Learning in 2 {KB} {RAM} for the Internet
               of Things},
  booktitle = {Proceedings of the 34th International Conference on Machine Learning,
               {ICML} 2017, Sydney, NSW, Australia, 6-11 August 2017},
  pages     = {1935--1944},
  year      = {2017},
}

@TECHREPORT{cifar,
    author = {Alex Krizhevsky},
    title = {Learning multiple layers of features from tiny images},
    institution = {},
    year = {2009}
}

@article{mnist,
  author = {LeCun, Yann and Cortes, Corinna},
  howpublished = {http://yann.lecun.com/exdb/mnist/},
  title = {{MNIST} handwritten digit database},
  url = {http://yann.lecun.com/exdb/mnist/},
  year = 2010
}

@inproceedings{yang,
  author    = {Jingjing Yang and
               Yuanning Li and
               YongHong Tian and
               Lingyu Duan and
               Wen Gao},
  title     = {Group-sensitive multiple kernel learning for object categorization},
  booktitle = {{IEEE} 12th International Conference on Computer Vision, {ICCV} 2009,
               Kyoto, Japan, September 27 - October 4, 2009},
  pages     = {436--443},
  year      = {2009},
}

@inproceedings{campos,
  author    = {Te{\'{o}}filo Em{\'{\i}}dio de Campos and
               Bodla Rakesh Babu and
               Manik Varma},
  title     = {Character Recognition in Natural Images},
  booktitle = {{VISAPP} 2009 - Proceedings of the Fourth International Conference
               on Computer Vision Theory and Applications, Lisboa, Portugal, February
               5-8, 2009 - Volume 2},
  pages     = {273--280},
  year      = {2009},
}

@article{hull,
  author    = {Jonathan J. Hull},
  title     = {A Database for Handwritten Text Recognition Research},
  journal   = {{IEEE} Trans. Pattern Anal. Mach. Intell.},
  volume    = {16},
  number    = {5},
  pages     = {550--554},
  year      = {1994},
}

 @misc{uci ,
author = "M. Lichman",
year = "2013",
title = "{UCI} Machine Learning Repository",
url = "http://archive.ics.uci.edu/ml",
institution = "University of California, Irvine, School of Information and Computer Sciences" } 

@inproceedings{aby,
  author    = {Daniel Demmler and
               Thomas Schneider and
               Michael Zohner},
  title     = {{ABY} - {A} Framework for Efficient Mixed-Protocol Secure Two-Party
               Computation},
  booktitle = {22nd Annual Network and Distributed System Security Symposium, {NDSS}
               2015, San Diego, California, USA, February 8-11, 2015},
  year      = {2015},
}

@article{wu,
  author    = {David J. Wu and
               Tony Feng and
               Michael Naehrig and
               Kristin E. Lauter},
  title     = {Privately Evaluating Decision Trees and Random Forests},
  journal   = {PoPETs},
  volume    = {2016},
  number    = {4},
  pages     = {335--355},
  year      = {2016},
}
