@inproceedings{lambdaps,
  author    = {John C. Mitchell and
               Rahul Sharma and
               Deian Stefan and
               Joe Zimmerman},
  title     = {Information-Flow Control for Programming on Encrypted Data},
  booktitle = { {IEEE}  {CSF}},
  year      = {2012},
}

@article{groce,
  author    = {Adam Groce and
               Alex Ledger and
               Alex J. Malozemoff and
               Arkady Yerukhimovich},
  title     = {CompGC: Efficient Offline/Online Semi-honest Two-party Computation},
  journal   = {{IACR} Cryptology ePrint Archive},
  year      = {2016},
}

@inproceedings{gazelle,
  author    = {Chiraag Juvekar and
               Vinod Vaikuntanathan and
              Anantha Chandrakasani},
  title     = {{GAZELLE}: A Low Latency Framework for Secure Neural Network Inference},
  booktitle = {{USENIX} Security 18},
  year      = {2018},
}

@article{ReuseOrLose,
  author    = {Benjamin Mood and
               Debayan Gupta and
               Kevin R. B. Butler and
               Joan Feigenbaum},
  title     = {Reuse It Or Lose It: More Efficient Secure Computation Through Reuse
               of Encrypted Values},
  journal   = {CoRR},
  volume    = {abs/1506.02954},
  year      = {2015},
  url       = {http://arxiv.org/abs/1506.02954},
  archivePrefix = {arXiv},
  eprint    = {1506.02954},
}

@inproceedings{frigate,
  author    = {Benjamin Mood and
               Debayan Gupta and
               Henry Carter and
               Kevin R. B. Butler and
               Patrick Traynor},
  title     = {Frigate: {A} Validated, Extensible, and Efficient Compiler and Interpreter
               for Secure Computation},
  booktitle = {{IEEE}  EuroS{\&}P},
  year      = {2016},
}

@inproceedings{sss,
  author    = {Rosario Gennaro and
               Michael O. Rabin and
               Tal Rabin},
  title     = {Simplified {VSS} and Fact-Track Multiparty Computations with Applications
               to Threshold Cryptography},
  booktitle = { {PODC} },
  year      = {1998},
}

@inproceedings{DBLP:conf/wpes/AtallahBLFT04,
  author    = {Mikhail J. Atallah and
               Marina Bykova and
               Jiangtao Li and
               Keith B. Frikken and
               Mercan Topkara},
  title     = {Private collaborative forecasting and benchmarking},
  booktitle = {{WPES}}, 
  year      = {2004},
}

@book{dragonbook,
 author = {Aho, Alfred V. and Lam, Monica S. and Sethi, Ravi and Ullman, Jeffrey D.},
 title = {Compilers: Principles, Techniques, and Tools (2Nd Edition)},
 year = {2006},
 isbn = {0321486811},
 publisher = {Addison-Wesley Longman Publishing Co., Inc.},
 address = {Boston, MA, USA},
} 


@inproceedings{Batcher,
 author = {Batcher, K. E.},
 title = {Sorting Networks and Their Applications},
 booktitle = {Proceedings of the April 30--May 2, 1968, Spring Joint Computer Conference},
 series = {AFIPS '68 (Spring)},
 year = {1968},
} 


@inproceedings{wysteria,
  author    = {Aseem Rastogi and
               Matthew A. Hammer and
               Michael Hicks},
  title     = {Wysteria: {A} Programming Language for Generic, Mixed-Mode Multiparty
               Computations},
  booktitle = {{IEEE} {S\&P} },
  pages     = {655--670},
  year      = {2014},
}


@inproceedings{minionn,
  author    = {Jian Liu and
               Mika Juuti and
               Yao Lu and
               N. Asokan},
  title     = {Oblivious Neural Network Predictions via MiniONN transformations},
  booktitle = {CCS},
  year      = {2017},
}

@inproceedings{shafindss,
  author    = {Raphael Bost and
               Raluca Ada Popa and
               Stephen Tu and
               Shafi Goldwasser},
  title     = {Machine Learning Classification over Encrypted Data},
  booktitle = {NDSS},
  year      = {2015},
}

@inproceedings{secureml,
  author    = {Payman Mohassel and
               Yupeng Zhang},
  title     = {SecureML: {A} System for Scalable Privacy-Preserving Machine Learning},
  booktitle = {IEEE S\&P},
  year      = {2017},
}

@inproceedings{cryptonets,
  author    = {Ran Gilad{-}Bachrach and
               Nathan Dowlin and
               Kim Laine and
               Kristin E. Lauter and
               Michael Naehrig and
               John Wernsing},
  title     = {CryptoNets: Applying Neural Networks to Encrypted Data with High Throughput
               and Accuracy},
  booktitle = {ICML},
  year      = {2016},
}

@article{tensorflow,
  author    = {Mart{\'{\i}}n Abadi and
               Ashish Agarwal and
               Paul Barham and
               Eugene Brevdo and
               Zhifeng Chen and
               Craig Citro and
               Gregory S. Corrado and
               Andy Davis and
               Jeffrey Dean and
               Matthieu Devin and
               Sanjay Ghemawat and
               Ian J. Goodfellow and
               Andrew Harp and
               Geoffrey Irving and
               Michael Isard and
               Yangqing Jia and
               Rafal J{\'{o}}zefowicz and
               Lukasz Kaiser and
               Manjunath Kudlur and
               Josh Levenberg and
               Dan Man{\'{e}} and
               Rajat Monga and
               Sherry Moore and
               Derek Gordon Murray and
               Chris Olah and
               Mike Schuster and
               Jonathon Shlens and
               Benoit Steiner and
               Ilya Sutskever and
               Kunal Talwar and
               Paul A. Tucker and
               Vincent Vanhoucke and
               Vijay Vasudevan and
               Fernanda B. Vi{\'{e}}gas and
               Oriol Vinyals and
               Pete Warden and
               Martin Wattenberg and
               Martin Wicke and
               Yuan Yu and
               Xiaoqiang Zheng},
  title     = {TensorFlow: Large-Scale Machine Learning on Heterogeneous Distributed
               Systems},
  journal   = {CoRR},
  volume    = {abs/1603.04467},
  year      = {2016},
 }

 @inproceedings{bonsai,
  author    = {Ashish Kumar and
               Saurabh Goyal and
               Manik Varma},
  title     = {Resource-efficient Machine Learning in 2 {KB} {RAM} for the Internet
               of Things},
  booktitle = {ICML},
  year      = {2017},
}

@TECHREPORT{cifar,
    author = {Alex Krizhevsky},
    title = {Learning multiple layers of features from tiny images},
    institution = {},
    year = {2009}
}

@article{mnist,
  author = {LeCun, Yann and Cortes, Corinna},
  howpublished = {http://yann.lecun.com/exdb/mnist/},
  title = {{MNIST} handwritten digit database},
  url = {http://yann.lecun.com/exdb/mnist/},
  year = 2010
}

@inproceedings{yang,
  author    = {Jingjing Yang and
               Yuanning Li and
               YongHong Tian and
               Lingyu Duan and
               Wen Gao},
  title     = {Group-sensitive multiple kernel learning for object categorization},
  booktitle = {ICCV},
  year      = {2009},
}

@inproceedings{campos,
  author    = {Te{\'{o}}filo Em{\'{\i}}dio de Campos and
               Bodla Rakesh Babu and
               Manik Varma},
  title     = {Character Recognition in Natural Images},
  booktitle = {{VISAPP}},
  year      = {2009},
}

@article{hull,
  author    = {Jonathan J. Hull},
  title     = {A Database for Handwritten Text Recognition Research},
  journal   = {{IEEE} Trans. Pattern Anal. Mach. Intell.},
  volume    = {16},
  number    = {5},
  year      = {1994},
}

 @misc{uci ,
author = "M. Lichman",
year = "2013",
title = "{UCI} Machine Learning Repository",
url = "http://archive.ics.uci.edu/ml",
institution = "University of California, Irvine, School of Information and Computer Sciences" } 

 @misc{anonymized,
 author = "Anon Anonymous",
 year = "2017",
 title = "Full proofs of {EzPC}"
 }

@inproceedings{aby,
  author    = {Daniel Demmler and
               Thomas Schneider and
               Michael Zohner},
  title     = {{ABY} - {A} Framework for Efficient Mixed-Protocol Secure Two-Party
               Computation},
  booktitle = {{NDSS}},
  year      = {2015},
}

@article{wu,
  author    = {David J. Wu and
               Tony Feng and
               Michael Naehrig and
               Kristin E. Lauter},
  title     = {Privately Evaluating Decision Trees and Random Forests},
  journal   = {PoPETs},
  volume    = {2016},
  year      = {2016},
}

@inproceedings{seahorn,
  author    = {Arie Gurfinkel and
               Temesghen Kahsai and
               Anvesh Komuravelli and
               Jorge A. Navas},
  title     = {The SeaHorn Verification Framework},
  booktitle = {CAV},
  year      = {2015},
}
%%%%%% schneider like papers

@inproceedings{barni,
  author    = {Mauro Barni and
               Pierluigi Failla and
               Vladimir Kolesnikov and
               Riccardo Lazzeretti and
               Ahmad{-}Reza Sadeghi and
               Thomas Schneider},
  title     = {Secure Evaluation of Private Linear Branching Programs with Medical
               Applications},
  booktitle = {ESORICS},
  year      = {2009},
}

@inproceedings{tasty,
  author    = {Wilko Henecka and
               Stefan K{\"{o}}gl and
               Ahmad{-}Reza Sadeghi and
               Thomas Schneider and
               Immo Wehrenberg},
  title     = {{TASTY:} tool for automating secure two-party computations},
  booktitle = {CCS},
  year      = {2010},
}

@inproceedings{bogdanov,
 author = {Bogdanov, Dan and Laud, Peeter and Randmets, Jaak},
 title = {Domain-polymorphic Language for Privacy-preserving Applications},
 booktitle = {Proceedings of the First ACM Workshop on Language Support for Privacy-enhancing Technologies},
 series = {PETShop '13},
 year = {2013},
} 

@inproceedings{lone,
  author    = {Axel Schr{\"{o}}pfer and
               Florian Kerschbaum and
               G{\"{u}}nter M{\"{u}}ller},
  title     = {{L1} - An Intermediate Language for Mixed-Protocol Secure Computation},
  booktitle = {COMSAC},
  pages     = {298--307},
  year      = {2011},
}

@inproceedings{autoS,
  author    = {Florian Kerschbaum and
               Thomas Schneider and
               Axel Schr{\"{o}}pfer},
  title     = {Automatic Protocol Selection in Secure Two-Party Computations},
  booktitle = { {ACNS}},
  year      = {2014},
}

@inproceedings{blanton,
  author    = {Marina Blanton and
               Paolo Gasti},
  title     = {Secure and Efficient Protocols for Iris and Fingerprint Identification},
  booktitle = {{ESORICS} },
  year      = {2011},
}

@inproceedings{brickell,
 author = {Brickell, Justin and Porter, Donald E. and Shmatikov, Vitaly and Witchel, Emmett},
 title = {Privacy-preserving Remote Diagnostics},
 booktitle = {{CCS}},
 year = {2007},
} 

@article{franz,
 author = {Franz, M. and Deiseroth, B. and Hamacher, K. and Jha, S. and Katzenbeisser, S. and Schr\"{o}Der, H.},
 title = {Secure Computations on Non-integer Values with Applications to Privacy-preserving Sequence Analysis},
 journal = {Inf. Secur. Tech. Rep.},
 issue_date = {February, 2013},
 volume = {17},
 number = {3},
} 

@inproceedings{huang,
  author    = {Yan Huang and
               Lior Malka and
               David Evans and
               Jonathan Katz},
  title     = {Efficient Privacy-Preserving Biometric Identification},
  booktitle = {{NDSS}},
  year      = {2011},
  }
  
  @inproceedings{valeriaMatrix,
  author    = {Valeria Nikolaenko and
               Stratis Ioannidis and
               Udi Weinsberg and
               Marc Joye and
               Nina Taft and
               Dan Boneh},
  title     = {Privacy-preserving matrix factorization},
  booktitle = {ACM CCS},
  year      = {2013},
}

@inproceedings{valeriaRidge,
  author    = {Valeria Nikolaenko and
               Udi Weinsberg and
               Stratis Ioannidis and
               Marc Joye and
               Dan Boneh and
               Nina Taft},
  title     = {Privacy-Preserving Ridge Regression on Hundreds of Millions of Records},
  booktitle = {IEEE S\&P},
  year      = {2013},
 }
 
@inproceedings{schropferK11,
  author    = {Axel Schr{\"{o}}pfer and
               Florian Kerschbaum},
  title     = {Forecasting Run-Times of Secure Two-Party Computation},
  booktitle = {QEST},
  year      = {2011},
  }
  
 @inproceedings{yao-pipe,
 author = {Huang, Yan and Evans, David and Katz, Jonathan and Malka, Lior},
 title = {Faster Secure Two-party Computation Using Garbled Circuits},
 booktitle = {Usenix Security},
 year = {2011},
} 

@inproceedings{fairplay,
  author    = {Dahlia Malkhi and
               Noam Nisan and
               Benny Pinkas and
               Yaron Sella},
  title     = {Fairplay - Secure Two-Party Computation System},
  booktitle = {{USENIX} Security},
  year      = {2004},
}

@inproceedings{fairplaymp,
  author    = {Assaf Ben{-}David and
               Noam Nisan and
               Benny Pinkas},
  title     = {FairplayMP: a system for secure multi-party computation},
  booktitle = {ACM CCS},
  year      = {2008},
}

@inproceedings{yao,
  author    = {Andrew Chi{-}Chih Yao},
  title     = {How to Generate and Exchange Secrets (Extended Abstract)},
  booktitle = {FOCS},
  year      = {1986},
}

@inproceedings{bmr,
  author    = {Donald Beaver and
               Silvio Micali and
               Phillip Rogaway},
  title     = {The Round Complexity of Secure Protocols (Extended Abstract)},
  booktitle = {STOC},
  year      = {1990},
}

@inproceedings{smcl,
  author    = {Janus Dam Nielsen and
               Michael I. Schwartzbach},
  title     = {A domain-specific programming language for secure multiparty computation},
  booktitle = {PLAS},
  year      = {2007},
}

@inproceedings{viff,
  author    = {Ivan Damg{\aa}rd and
               Martin Geisler and
               Mikkel Kr{\o}igaard and
               Jesper Buus Nielsen},
  title     = {Asynchronous Multiparty Computation: Theory and Implementation},
  booktitle = {PKC},
  year      = {2009},
}

@inproceedings{choi,
  author    = {Seung Geol Choi and
               Kyung{-}Wook Hwang and
               Jonathan Katz and
               Tal Malkin and
               Dan Rubenstein},
  title     = {Secure Multi-Party Computation of Boolean Circuits with Applications
               to Privacy in On-Line Marketplaces},
  booktitle = {CT-RSA},
  year      = {2012},
  }

@inproceedings{gmw,
  author    = {Oded Goldreich and
               Silvio Micali and
               Avi Wigderson},
  title     = {How to Play any Mental Game or {A} Completeness Theorem for Protocols
               with Honest Majority},
  booktitle = {STOC},
  year      = {1987},
}

@inproceedings{gentry,
  author    = {Craig Gentry},
  title     = {Fully homomorphic encryption using ideal lattices},
  booktitle = {STOC},
  year      = {2009},
}

@inproceedings{oblivm,
  author    = {Chang Liu and
               Xiao Shaun Wang and
               Kartik Nayak and
               Yan Huang and
               Elaine Shi},
  title     = {ObliVM: {A} Programming Framework for Secure Computation},
  booktitle = {IEEE S\&P},
  year      = {2015},
}

@inproceedings{sharemind,
  author    = {Dan Bogdanov and
               Sven Laur and
               Jan Willemson},
  title     = {Sharemind: {A} Framework for Fast Privacy-Preserving Computations},
  booktitle = {ESORICS},
  year      = {2008},
}

@inproceedings{nsy04,
  author    = {Josiane Nzouonta and
               Marius{-}Calin Silaghi and
               Makoto Yokoo},
  title     = {Secure Computation for Combinatorial Auctions and Market Exchanges},
  booktitle = {AAMAS},
  year      = {2004},
}

@misc{securemc ,
author = "Marius-Calin Silaghi",
year = "2004",
title = "SMC: Secure Multiparty Computation Language",
url = "http://cs.fit.edu/~msilaghi/pages/SMC/tutorial.html"} 

@inproceedings{l1,
  author    = {Axel Schr{\"{o}}pfer and
               Florian Kerschbaum and
               G{\"{u}}nter M{\"{u}}ller},
  title     = {{L1} - An Intermediate Language for Mixed-Protocol Secure Computation},
  booktitle = {COMPSAC},
  year      = {2011},
}

@misc{qilin,
author = "T. Moran",
year = "2015",
title = "The qilin crypto SDK – an open-source
java SDK for rapid prototyping of cryptographic
protocols",
url = "https://github.com/factcenter/qilin"} 

@inproceedings{kos14,
  author    = {Florian Kerschbaum and
               Thomas Schneider and
               Axel Schr{\"{o}}pfer},
  title     = {Automatic Protocol Selection in Secure Two-Party Computations},
  booktitle = {ACNS},
  year      = {2014},
}

@inproceedings{ddkssz15,
  author    = {Daniel Demmler and
               Ghada Dessouky and
               Farinaz Koushanfar and
               Ahmad{-}Reza Sadeghi and
               Thomas Schneider and
               Shaza Zeitouni},
  title     = {Automated Synthesis of Optimized Circuits for Secure Computation},
  booktitle = {ACM CCS},
  year      = {2015},
  }

@inproceedings{mips,
  author    = {Xiao Shaun Wang and
               S. Dov Gordon and
               Allen McIntosh and
               Jonathan Katz},
  title     = {Secure Computation of {MIPS} Machine Code},
  booktitle = {ESORICS},
  year      = {2016},
}

@inproceedings{oram1,
  author    = {Rafail Ostrovsky},
  title     = {Efficient Computation on Oblivious RAMs},
  booktitle = {STOC},
  year      = {1990},
}

@article{oram2,
  author    = {Oded Goldreich and
               Rafail Ostrovsky},
  title     = {Software Protection and Simulation on Oblivious RAMs},
  journal   = {J. {ACM}},
  volume    = {43},
  year      = {1996},
}

@inproceedings{ecgclassifier,
  author    = {Mauro Barni and
               Pierluigi Failla and
               Vladimir Kolesnikov and
               Riccardo Lazzeretti and
               Ahmad{-}Reza Sadeghi and
               Thomas Schneider},
  title     = {Secure Evaluation of Private Linear Branching Programs with Medical
               Applications},
  booktitle = {ESORICS},
  year      = {2009},
}

@inproceedings{irisfingerprint,
  author    = {Marina Blanton and
               Paolo Gasti},
  title     = {Secure and Efficient Protocols for Iris and Fingerprint Identification},
  booktitle = {ESORICS},
  year      = {2011},
}

@inproceedings{remotediagnostics,
  author    = {Justin Brickell and
               Donald E. Porter and
               Vitaly Shmatikov and
               Emmett Witchel},
  title     = {Privacy-preserving remote diagnostics},
  booktitle = {CCS},
  year      = {2007},
}

@article{sequenceanalysis,
  author    = {Martin Franz and
               Bj{\"{o}}rn Deiseroth and
               Kay Hamacher and
               Somesh Jha and
               Stefan Katzenbeisser and
               Heike Schr{\"{o}}der},
  title     = {Secure computations on non-integer values with applications to privacy-preserving
               sequence analysis},
  journal   = {Inf. Sec. Techn. Report},
  volume    = {17},
  number    = {3},
  year      = {2013},
}

@inproceedings{biometricidentification,
  author    = {Yan Huang and
               Lior Malka and
               David Evans and
               Jonathan Katz},
  title     = {Efficient Privacy-Preserving Biometric Identification},
  booktitle = {NDSS},
  year      = {2011},
}

@inproceedings{matrixfactorization,
  author    = {Valeria Nikolaenko and
               Stratis Ioannidis and
               Udi Weinsberg and
               Marc Joye and
               Nina Taft and
               Dan Boneh},
  title     = {Privacy-preserving matrix factorization},
  booktitle = {ACM CCS},
  year      = {2013},
}

@inproceedings{ridgeregression,
  author    = {Valeria Nikolaenko and
               Udi Weinsberg and
               Stratis Ioannidis and
               Marc Joye and
               Dan Boneh and
               Nina Taft},
  title     = {Privacy-Preserving Ridge Regression on Hundreds of Millions of Records},
  booktitle = {IEEE S\&P},
  year      = {2013},
}

@inproceedings{cbmcgc,
  author    = {Andreas Holzer and
               Martin Franz and
               Stefan Katzenbeisser and
               Helmut Veith},
  title     = {Secure two-party computations in {ANSI} {C}},
  booktitle = {CCS},
  year      = {2012},
}

@inproceedings{cbmcgcdepth,
  author    = {Niklas B{\"{u}}scher and
               Andreas Holzer and
               Alina Weber and
               Stefan Katzenbeisser},
  title     = {Compiling Low Depth Circuits for Practical Secure Computation},
  booktitle = {ESORICS},
  year      = {2016},
}
 
 @inproceedings{can01,
 author    = {Ran Canetti},
  title     = {Universally Composable Security: {A} New Paradigm for Cryptographic
               Protocols},
  booktitle = {FOCS},
  year      = {2001},
  }

  
  
@article{can00,
  author    = {Ran Canetti},
  title     = {Security and Composition of Multiparty Cryptographic Protocols},
  journal   = {J. Cryptology},
  volume    = {13},
  number    = {1},
  year      = {2000},
  }

@misc{chameleon,
    author = {M. Sadegh Riazi and Christian Weinert and Oleksandr Tkachenko and Ebrahim M. Songhori and Thomas Schneider and Farinaz Koushanfar},
    title = {Chameleon: A Hybrid Secure Computation Framework for Machine Learning Applications},
    howpublished = {Cryptology ePrint Archive, Report 2017/1164},
    year = {2017},
    note = {\url{https://eprint.iacr.org/2017/1164}},
}

@inproceedings{raml,
  author    = {Jan Hoffmann and
               Ankush Das and
               Shu{-}Chun Weng},
  title     = {Towards automatic resource bound analysis for OCaml},
  booktitle = {SIGPLAN},
  year      = {2017},
}

@article{mcKeeman,
  author    = {William M. McKeeman},
  title     = {Differential Testing for Software},
  journal   = {Digital Technical Journal},
  volume    = {10},
  number    = {1},
  pages     = {100--107},
  year      = {1998},
}

